@online{mbed,
  title = {Mbed OS},
  url = {https://os.mbed.com/},
  note = {Accessed: 2023-10-10}
}

@INPROCEEDINGS{10333286,
  author={Dvorak, Radim and Jabloncik, Lukas and Mikulasek, Michal and Stusek, Martin and Masek, Pavel and Mozny, Radek and Ometov, Aleksandr and Mlynek, Petr and Cika, Petr and Hosek, Jiri},
  booktitle={2023 15th International Congress on Ultra Modern Telecommunications and Control Systems and Workshops (ICUMT)}, 
  title={LWM2M for Cellular IoT: Protocol Implementation and Performance Evaluation}, 
  year={2023},
  volume={},
  number={},
  pages={212-218},
  keywords={Performance evaluation;Knowledge engineering;Protocols;Focusing;Quality of service;Libraries;Telecommunications;CIoT;Application Protocols;Overhead;LWM2M;Library;NB-IoT},
  doi={10.1109/ICUMT61075.2023.10333286}}

@misc{rfc6690,
  author       = {Zach Shelby},
  title        = {Constrained RESTful Environments (CoRE) Link Format},
  howpublished = {RFC 6690},
  year         = {2012},
  month        = {August},
  publisher    = {Internet Engineering Task Force},
  url          = {https://datatracker.ietf.org/doc/html/rfc6690},
  issn         = {2070-1721}
}

@misc{freertos,
  author       = {{FreeRTOS Community}},
  title        = {FreeRTOS: Real-Time Operating System for Microcontrollers},
  year         = {2023},
  howpublished = {\url{https://www.freertos.org/}},
  note         = {Accessed: 2023-10-16}
}

@misc{ipso,
  author    = {J. Jimenez and M. Koster and H. Tschofenig},
  title     = {IPSO Smart Objects},
  howpublished = {Position paper for the IOT Semantic Interoperability Workshop},
  year      = {2016},
  url       = {https://www.ietf.org/ietf-ftp/slides/slides-iotsiws-ipso-smart-objects-00.pdf},
  note      = {Accessed: 2024-10-16},
  publisher = {IETF}
}


@article{riot_os,
  author = {Baccelli, Emmanuel and Hahm, Oliver and Gunes, Mesut and Wahlisch, Matthias and Schmidt, Thomas C.},
  title = {RIOT OS: Towards an OS for the Internet of Things},
  journal = {Proceedings of the IEEE},
  volume = {103},
  number = {4},
  pages = {1--14},
  year = {2015},
  publisher = {IEEE}
}

@article{contiki_ng,
  author = {Dunkels, Adam and Gronvall, Bjorn and Voigt, Thiemo},
  title = {Contiki - a Lightweight and Flexible Operating System for Tiny Networked Sensors},
  journal = {Proceedings of the 29th Annual IEEE International Conference on Local Computer Networks},
  pages = {455--462},
  year = {2004},
  publisher = {IEEE}
}

@online{oma-sdo,
  author = {Open Mobile Alliance},
  title = {Open Mobile Alliance Standards Development Organization},
  year = {2023},
  url = {https://www.openmobilealliance.org/},
  note = {Accessed: 2023-10-10}
}

@manual{lwm2m-spec,
  title = {Lightweight Machine to Machine Technical Specification},
  author = {Open Mobile Alliance},
  year = {2018},
  institution = {OMA SpecWorks},
  url = {https://www.openmobilealliance.org/release/LwM2M/V1_0-20170208-A/OMA-TS-LightweightM2M-V1_0-20170208-A.pdf}
}

@misc{lwm2m-registry,
  author = {{Open Mobile Alliance}},
  title = {LwM2M Registry},
  howpublished = {\url{https://github.com/OpenMobileAlliance/lwm2m-registry}},
}

@misc{rfc7252,
  author = {Z. Shelby and K. Hartke and C. Bormann},
  title = {The Constrained Application Protocol (CoAP)},
  series = {Request for Comments},
  number = {7252},
  year = {2014},
  url = {https://www.rfc-editor.org/rfc/rfc7252.html}
}

@misc{rfc9176,
  author = {C. Amsüss and Z. Shelby and M. Koster and C. Bormann and P. van der Stok},
  title = {Constrained RESTful Environments (CoRE) Resource Directory},
  howpublished = {RFC 9176},
  year = {2022},
  month = {April},
  publisher = {Internet Engineering Task Force (IETF)},
  note = {Standards Track},
  url = {https://datatracker.ietf.org/doc/html/rfc9176}
}

@misc{rfc7959,
  author = {C. Bormann and Z. Shelby},
  title = {Block-Wise Transfers in the Constrained Application Protocol (CoAP)},
  series = {Request for Comments},
  number = {7959},
  year = {2016},
  url = {https://www.rfc-editor.org/rfc/rfc7959.html}
}

@misc{rfc7641,
  author = {K. Hartke},
  title = {Observing Resources in the Constrained Application Protocol (CoAP)},
  series = {Request for Comments},
  number = {7641},
  year = {2015},
  url = {https://www.rfc-editor.org/rfc/rfc7641.html}
}

@misc{rfc8613,
  author = {J. Selander and D. Palombini and F. Armknecht and G. Selander and L. Seitz},
  title = {Object Security for Constrained RESTful Environments (OSCORE)},
  series = {Request for Comments},
  number = {8613},
  year = {2019},
  month = jul,
  publisher = {RFC Editor},
  url = {https://www.rfc-editor.org/info/rfc8613},
  doi = {10.17487/RFC8613}
}

@misc{rfc6347,
  author = {E. Rescorla and N. Modadugu},
  title = {Datagram Transport Layer Security Version 1.2},
  series = {Request for Comments},
  number = {6347},
  year = {2012},
  url = {https://www.rfc-editor.org/rfc/rfc6347.html}
}

@article{9139045,
  author = {Morabito, Roberto and Jimenez, Jaime},
  journal = {IEEE Communications Standards Magazine}, 
  title = {IETF Protocol Suite for the Internet of Things: Overview and Recent Advancements}, 
  year = {2020},
  volume = {4},
  number = {2},
  pages = {41-49},
  keywords = {Protocols; Communication standards; Internet of Things; Routing; Security},
  doi = {10.1109/MCOMSTD.001.1900014}
}

@book{dlms-spec,
  author    = {DLMS User Association},
  title     = {DLMS/COSEM: The Global Standard for Smart Metering and Energy Management},
  year      = {2020},
  publisher = {DLMS User Association},
  address   = {Geneva, Switzerland},
  note      = {\url{https://www.dlms.com/}}
}

@misc{mqtt-spec,
  author = {OASIS},
  title = {MQTT Version 3.1.1},
  year = {2014},
  month = oct,
  publisher = {OASIS Standard},
  url = {https://docs.oasis-open.org/mqtt/mqtt/v3.1.1/os/mqtt-v3.1.1-os.html}
}

@misc{oneM2M-spec,
  title        = {oneM2M Technical Specification},
  author       = {oneM2M},
  year         = {2023},
  howpublished = {\url{https://www.onem2m.org/technical/onem2m-specifications}},
}

@ARTICLE{8725488,
  author={Zandberg, Koen and Schleiser, Kaspar and Acosta, Francisco and Tschofenig, Hannes and Baccelli, Emmanuel},
  journal={IEEE Access}, 
  title={Secure Firmware Updates for Constrained IoT Devices Using Open Standards: A Reality Check}, 
  year={2019},
  volume={7},
  number={},
  pages={71907-71920},
  keywords={Standards;Software;Microprogramming;Internet of Things;Prototypes;Cryptography;Internet of Things;IoT;security;software update;firmware update;open standards;constrained device},
  doi={10.1109/ACCESS.2019.2919760}}

@misc{oasis-foundation,
  title = {OASIS Message Queuing Telemetry Transport (MQTT) Technical Committee},
  howpublished = {\url{https://www.oasis-open.org/committees/tc_home.php?wg_abbrev=mqtt}},
}

@misc{http-spec,
  author = {R. Fielding and J. Reschke},
  title = {Hypertext Transfer Protocol (HTTP/1.1): Message Syntax and Routing},
  series = {Request for Comments},
  number = {7230},
  year = {2014},
  month = jun,
  publisher = {RFC Editor},
  url = {https://www.rfc-editor.org/info/rfc7230},
  doi = {10.17487/RFC7230}
}

@article{pop00001,
  author = {I Muhammad and LAM Ari and D Pratama},
  title = {Next-Gen IoT Security: ARIA Cryptography within Hardware Secure Modules—A Comparative Analysis of MQTT and LwM2M Integration},
  journal = {Proceedings of the Korea Society for Internet Information},
  year = {2024},
  url = {https://koreascience.kr/article/CFKO202422572150314.page},
  note = {Query date: 2024-10-08}
}

@article{pop00002,
  author = {G Robles and J Gamalielsson and B Lundell and C Brax and others},
  title = {On the Industrial Leadership and Involvement in the LwM2M IoT Ecosystem},
  journal = {Proceedings of the ...},
  publisher = {dl.acm.org},
  doi = {10.1145/3643794.3648274},
  url = {https://dl.acm.org/doi/abs/10.1145/3643794.3648274},
  fulltext = {https://dl.acm.org/doi/pdf/10.1145/3643794.3648274},
  related = {https://scholar.google.com/scholar?q=related:zJdS0Iem9gYJ:scholar.google.com/\&scioq=lwm2m\&hl=en\&as_sdt=0,5},
  year = {2024},
  abstract = {The industrial leadership and involvement in the LwM2M (Lightweight machine-to-machine) ecosystem.},
  note = {Query date: 2024-10-08 22:53:23}
}

@article{pop00004,
  author = {K Yaker and BA Salem and B Pierard and others},
  title = {A Novel EDGE SIEM for Industrial IoT Flows Within 5G Private Networks},
  journal = {2024 Global ...},
  publisher = {ieeexplore.ieee.org},
  url = {https://ieeexplore.ieee.org/abstract/document/10449912/},
  related = {https://scholar.google.com/scholar?q=related:kNfqoDntSncJ:scholar.google.com/\&scioq=lwm2m\&hl=en\&as_sdt=0,5},
  year = {2024},
  abstract = {This card was used to transmit LWM2M data events, enabling interpretation by our device management software.},
  note = {Query date: 2024-10-08 22:53:23}
}

@article{pop00005,
  author = {Saif, Darius and Matrawy, Ashraf},
  year = {2023},
  month = {10},
  pages = {},
  title = {Mass Configuration of Heterogeneous IIoT Nodes: A Proposal and Experimental Evaluation},
  doi = {10.36227/techrxiv.23816748.v2}
}

@article{pop00007,
  title={Design and implementation of a blockchain based interworking of oneM2M and LWM2M IoT systems},
  author={Kim, Donggyu and Jo, Uk and Kim, Yohan and Eko, Yustus Eko and Kim, Howon},
  journal={Journal of Information Processing Systems},
  volume={19},
  number={1},
  pages={89--97},
  year={2023}
}

@article{pop00008,
  author = {R Dvorak and L Jabloncik and M Mikulasek and others},
  title = {LWM2M for Cellular IoT: Protocol Implementation and Performance Evaluation},
  journal = {... Congress on Ultra ...},
  publisher = {ieeexplore.ieee.org},
  url = {https://ieeexplore.ieee.org/abstract/document/10333286/},
  fulltext = {https://researchportal.tuni.fi/files/104345592/LWM2M_for_Cellular_IoT_Protocol_Implementation_and_Performance_Evaluation.pdf},
  related = {https://scholar.google.com/scholar?q=related:ZZ3cg92g7RAJ:scholar.google.com/\&scioq=lwm2m\&hl=en\&as_sdt=0,5},
  year = {2023},
  abstract = {A study on the new UDP-based protocol for IoT, LWM2M, and its potential as an alternative to existing IoT communication standards.},
  note = {1 cites: https://scholar.google.com/scholar?cites=1219807947347762533\&as_sdt=2005\&sciodt=0,5\&hl=en},
  note = {Query date: 2024-10-08 22:53:23}
}

@article{pop00009,
	author = {AMA Laksmono and M Iqbal and D Pratama and ...},
	title = {Secure Sensor Data Transmission in IoT: Robust Implementation of LwM2M on the Lightweight Device Communication},
	journal = {2023 International …},
	publisher = {ieeexplore.ieee.org},
	url = {https://ieeexplore.ieee.org/abstract/document/10255201/},
	related = {https://scholar.google.com/scholar?q=related:3aZyvwyQbkQJ:scholar.google.com/\&scioq=lwm2m\&hl=en\&as_sdt=0,5},
	year = {2023},
	abstract = {… to exploring LwM2M communication protocols on constrained devices, secure LwM2M communication, and sensor reading implementation on edge devices in IoT systems. LwM2M is a …},
	note = {1 cites: https://scholar.google.com/scholar?cites=4931037026443241181\&as_sdt=2005\&sciodt=0,5\&hl=en},
	note = {Query date: 2024-10-08 22:53:23},
}


@book{pop00010,
	author = {J Ellamathy},
	title = {Securing LwM2M with Mbed TLS in Contiki-NG},
	publisher = {diva-portal.org},
	url = {https://www.diva-portal.org/smash/record.jsf?pid=diva2:1751815},
	fulltext = {https://www.diva-portal.org/smash/get/diva2:1751815/FULLTEXT01.pdf},
	related = {https://scholar.google.com/scholar?q=related:oChc9ocTgYEJ:scholar.google.com/\&scioq=lwm2m\&hl=en\&as_sdt=0,5},
	year = {2023},
	abstract = {As the Internet of Things (IoT) becomes increasingly integrated into our personal lives and industries, security concerns and attacks on these devices are growing. This concern is one of …},
	note = {Query date: 2024-10-08 22:53:23},
}

@article{pop00011,
  author={Lanzieri, Leandro and Kietzmann, Peter and Schmidt, Thomas C. and Wählisch, Matthias},
  booktitle={2022 21st ACM/IEEE International Conference on Information Processing in Sensor Networks (IPSN)}, 
  title={Secure and Authorized Client-to-Client Communication for LwM2M}, 
  year={2022},
  volume={},
  number={},
  pages={158-170},
  keywords={Performance evaluation;Authorization;Information processing;Throughput;Hardware;Security;Internet of Things;Internet of Things;management;security},
  doi={10.1109/IPSN54338.2022.00020}
  }

@article{pop00012,
AUTHOR = {Myoung, Nogil and Kwon, Yoojin and Park, Myunghye and Eun, Changsoo},
TITLE = {Data Interworking Model and Analysis for Harmonization of Smart Metering Protocols in IoT-Based AMI System},
JOURNAL = {Sensors},
VOLUME = {23},
YEAR = {2023},
NUMBER = {6},
ARTICLE-NUMBER = {2903},
URL = {https://www.mdpi.com/1424-8220/23/6/2903},
PubMedID = {36991616},
ISSN = {1424-8220},
DOI = {10.3390/s23062903}
}

@article{pop00013,
  author={Karaagac, Abdulkadir and Verbeeck, Niels and Hoebeke, Jeroen},
  booktitle={2019 IEEE 5th World Forum on Internet of Things (WF-IoT)}, 
  title={The Integration of LwM2M and OPC UA: An Interoperability Approach for Industrial IoT}, 
  year={2019},
  volume={},
  number={},
  pages={313-318},
  keywords={Servers;Protocols;Interoperability;Internet of Things;Data models;Industries;Containers;Industry 4.0;IoT;interoperability;OPC UA;Lightweight M2M;IPSO;docker containers},
  doi={10.1109/WF-IoT.2019.8767209}
}

@article{pop00014,
  author="Cavalcanti, Marcella
  and Costelha, Hugo
  and Neves, Carlos",
  editor="Correia Vasco, Joel Oliveira
  and de Amorim Almeida, Henrique
  and Gon{\c{c}}alves Rodrigues Marto, Anabela
  and Bento Capela, Carlos Alexandre
  and da Silva Craveiro, Fl{\'a}vio Gabriel
  and Coelho da Rocha Terreiro Galha B{\'a}rtolo, Helena Maria
  and de Jesus Coelho, Luis Manuel
  and Sim{\~o}es Correia, M{\'a}rio Ant{\'o}nio
  and Nogueira Vieira, Milena Maria
  and Barreiros Ruben, Rui Miguel",
  title="Industry 4.0 Machine-to-Machine Communication Protocols and Architectures on the Shop Floor",
  booktitle="Progress in Digital and Physical Manufacturing",
  year="2023",
  publisher="Springer International Publishing",
  address="Cham",
  pages="222--234",
  isbn="978-3-031-33890-8"
}

@article{pop00015,
  author={Wang, Yi and Pu, Chenggen and Wang, Ping and Wu, Junrui},
  booktitle={2020 Chinese Automation Congress (CAC)}, 
  title={A CoAP-based OPC UA Transmission Scheme for Resource-Constrained Devices}, 
  year={2020},
  volume={},
  number={},
  pages={6089-6093},
  keywords={Protocols;Servers;Standards;Payloads;Data models;Systems architecture;Energy consumption;Industrial Internet;OPC UA;CoAP;protocol mapping;information model},
  doi={10.1109/CAC51589.2020.9326995}
  }